[gd_scene load_steps=18 format=2]

[ext_resource path="res://scripts/ControlsPage.gd" type="Script" id=1]
[ext_resource path="res://assets/items/background_UI.jpg" type="Texture" id=2]
[ext_resource path="res://assets/items/2_Background.png" type="Texture" id=3]
[ext_resource path="res://scripts_shaders/shader_backgroundl.tres" type="Material" id=4]
[ext_resource path="res://assets/items/Background.png" type="Texture" id=5]
[ext_resource path="res://assets/items/1_bikes.png" type="Texture" id=6]
[ext_resource path="res://themes/scene_texture_buttonbottomshear_hover.tres" type="StyleBox" id=7]
[ext_resource path="res://themes/scene_texture_buttonbottomshear.tres" type="StyleBox" id=8]
[ext_resource path="res://themes/buttons_font.tres" type="DynamicFont" id=9]
[ext_resource path="res://scripts/BackButtonControls.gd" type="Script" id=10]
[ext_resource path="res://scripts/Container.gd" type="Script" id=11]
[ext_resource path="res://themes/keyboard_touch.tres" type="StyleBox" id=12]
[ext_resource path="res://themes/keyboardTouches.tres" type="DynamicFont" id=13]
[ext_resource path="res://themes/controls_font.tres" type="DynamicFont" id=14]
[ext_resource path="res://scripts/Mobile.gd" type="Script" id=15]
[ext_resource path="res://assets/items/smartphone_controls.png" type="Texture" id=16]
[ext_resource path="res://themes/mobile_controls_font.tres" type="DynamicFont" id=17]

[node name="Container" type="Control"]
anchor_right = 1.0
anchor_bottom = 1.0
script = ExtResource( 1 )

[node name="Background" type="TextureRect" parent="."]
visible = false
anchor_right = 1.0
anchor_bottom = 1.0
texture = ExtResource( 2 )
expand = true

[node name="City" type="TextureRect" parent="."]
anchor_right = 1.0
anchor_bottom = 1.0
texture = ExtResource( 3 )
expand = true

[node name="Grid" type="TextureRect" parent="."]
material = ExtResource( 4 )
margin_right = 1280.0
margin_bottom = 720.0
texture = ExtResource( 5 )

[node name="Bike" type="TextureRect" parent="."]
anchor_right = 1.0
anchor_bottom = 1.0
texture = ExtResource( 6 )
expand = true

[node name="BackButtonControls" type="Button" parent="."]
margin_left = -58.0
margin_top = -8.0
margin_right = 360.0
margin_bottom = 51.0
custom_styles/hover = ExtResource( 7 )
custom_styles/pressed = ExtResource( 8 )
custom_styles/focus = ExtResource( 7 )
custom_styles/normal = ExtResource( 8 )
custom_fonts/font = ExtResource( 9 )
custom_colors/font_color = Color( 0.168627, 1, 1, 1 )
custom_colors/font_color_hover = Color( 1, 1, 1, 1 )
text = "BACK"
script = ExtResource( 10 )

[node name="Computer" type="Control" parent="."]
editor/display_folded = true
anchor_left = 0.5
anchor_top = 0.5
anchor_right = 0.5
anchor_bottom = 0.5
margin_left = -450.5
margin_top = -250.0
margin_right = 450.5
margin_bottom = 250.0
script = ExtResource( 11 )

[node name="Left" type="Control" parent="Computer"]
anchor_bottom = 1.0
margin_right = 315.0

[node name="Container" type="Control" parent="Computer/Left"]
anchor_right = 1.0
margin_bottom = 125.0

[node name="Z" type="Label" parent="Computer/Left/Container"]
anchor_top = 0.5
anchor_bottom = 0.5
margin_top = -35.0
margin_right = 70.0
margin_bottom = 35.0
custom_styles/normal = ExtResource( 12 )
custom_fonts/font = ExtResource( 13 )
text = "Z"
align = 1
valign = 1

[node name="Forward" type="Label" parent="Computer/Left/Container"]
anchor_left = 1.0
anchor_top = 0.5
anchor_right = 1.0
anchor_bottom = 0.5
margin_left = -189.0
margin_top = -24.5
margin_bottom = 24.5
size_flags_vertical = 1
custom_fonts/font = ExtResource( 14 )
text = "FORWARD"
align = 1
valign = 1

[node name="Container2" type="Control" parent="Computer/Left"]
editor/display_folded = true
anchor_right = 1.0
margin_top = 125.0
margin_bottom = 250.0

[node name="Q" type="Label" parent="Computer/Left/Container2"]
anchor_top = 0.5
anchor_bottom = 0.5
margin_top = -35.0
margin_right = 70.0
margin_bottom = 35.0
custom_styles/normal = ExtResource( 12 )
custom_fonts/font = ExtResource( 13 )
text = "Q"
align = 1
valign = 1

[node name="Left Turn" type="Label" parent="Computer/Left/Container2"]
anchor_left = 1.0
anchor_top = 0.5
anchor_right = 1.0
anchor_bottom = 0.5
margin_left = -201.0
margin_top = -24.5
margin_bottom = 24.5
custom_fonts/font = ExtResource( 14 )
text = "LEFT TURN"
align = 1
valign = 1

[node name="Container3" type="Control" parent="Computer/Left"]
editor/display_folded = true
anchor_right = 1.0
margin_top = 250.0
margin_bottom = 375.0

[node name="S" type="Label" parent="Computer/Left/Container3"]
anchor_top = 0.5
anchor_bottom = 0.5
margin_top = -35.0
margin_right = 70.0
margin_bottom = 35.0
custom_styles/normal = ExtResource( 12 )
custom_fonts/font = ExtResource( 13 )
text = "S"
align = 1
valign = 1

[node name="Brake" type="Label" parent="Computer/Left/Container3"]
anchor_left = 1.0
anchor_top = 0.5
anchor_right = 1.0
anchor_bottom = 0.5
margin_left = -125.0
margin_top = -24.5
margin_bottom = 24.5
custom_fonts/font = ExtResource( 14 )
text = "BRAKE"
align = 1

[node name="Container4" type="Control" parent="Computer/Left"]
editor/display_folded = true
anchor_right = 1.0
margin_top = 375.0
margin_bottom = 500.0

[node name="D" type="Label" parent="Computer/Left/Container4"]
anchor_top = 0.5
anchor_bottom = 0.5
margin_top = -35.0
margin_right = 70.0
margin_bottom = 35.0
custom_styles/normal = ExtResource( 12 )
custom_fonts/font = ExtResource( 13 )
text = "D"
align = 1
valign = 1

[node name="RIGHT TURN" type="Label" parent="Computer/Left/Container4"]
anchor_left = 1.0
anchor_top = 0.5
anchor_right = 1.0
anchor_bottom = 0.5
margin_left = -221.0
margin_top = -24.5
margin_bottom = 24.5
custom_fonts/font = ExtResource( 14 )
text = "RIGHT TURN"
align = 1
valign = 1

[node name="Right" type="Control" parent="Computer"]
editor/display_folded = true
anchor_left = 1.0
anchor_top = 0.5
anchor_right = 1.0
anchor_bottom = 0.5
margin_left = -537.0
margin_top = -250.0
margin_bottom = 250.0

[node name="Container2" type="Control" parent="Computer/Right"]
anchor_right = 1.0
margin_top = 75.0
margin_bottom = 200.0

[node name="ESC" type="Label" parent="Computer/Right/Container2"]
anchor_top = 0.5
anchor_bottom = 0.5
margin_top = -35.0
margin_right = 110.0
margin_bottom = 35.0
custom_styles/normal = ExtResource( 12 )
custom_fonts/font = ExtResource( 13 )
text = "ESC"
align = 1
valign = 1

[node name="Settings" type="Label" parent="Computer/Right/Container2"]
anchor_left = 1.0
anchor_top = 0.5
anchor_right = 1.0
anchor_bottom = 0.5
margin_left = -350.0
margin_top = -24.5
margin_bottom = 24.5
custom_fonts/font = ExtResource( 14 )
text = "IN GAME SETTINGS"
align = 1
valign = 1

[node name="Container3" type="Control" parent="Computer/Right"]
anchor_right = 1.0
margin_top = 200.0
margin_bottom = 325.0

[node name="TAB" type="Label" parent="Computer/Right/Container3"]
anchor_top = 0.5
anchor_bottom = 0.5
margin_top = -35.0
margin_right = 110.0
margin_bottom = 35.0
custom_styles/normal = ExtResource( 12 )
custom_fonts/font = ExtResource( 13 )
text = "TAB"
align = 1
valign = 1

[node name="Rankings" type="Label" parent="Computer/Right/Container3"]
anchor_left = 1.0
anchor_top = 0.5
anchor_right = 1.0
anchor_bottom = 0.5
margin_left = -334.0
margin_top = -24.5
margin_bottom = 24.5
custom_fonts/font = ExtResource( 14 )
text = "IN GAME RANKING"
align = 1
valign = 1

[node name="Container4" type="Control" parent="Computer/Right"]
anchor_right = 1.0
margin_top = 325.0
margin_bottom = 450.0

[node name="CTRL" type="Label" parent="Computer/Right/Container4"]
anchor_top = 0.5
anchor_bottom = 0.5
margin_top = -35.0
margin_right = 130.0
margin_bottom = 35.0
custom_styles/normal = ExtResource( 12 )
custom_fonts/font = ExtResource( 13 )
text = "CTRL"
align = 1
valign = 1

[node name="Backward Cam" type="Label" parent="Computer/Right/Container4"]
anchor_left = 1.0
anchor_top = 0.5
anchor_right = 1.0
anchor_bottom = 0.5
margin_left = -392.0
margin_top = -24.5
margin_bottom = 24.5
custom_fonts/font = ExtResource( 14 )
text = "BACKWARD CAMERA"
align = 1
valign = 1

[node name="Mobile" type="Control" parent="."]
editor/display_folded = true
visible = false
anchor_left = 0.5
anchor_top = 0.5
anchor_right = 0.5
anchor_bottom = 0.5
margin_left = -450.0
margin_top = -250.0
margin_right = 450.0
margin_bottom = 250.0
script = ExtResource( 15 )

[node name="TextureRect" type="TextureRect" parent="Mobile"]
anchor_left = 0.5
anchor_right = 0.5
margin_left = -274.0
margin_right = 274.0
margin_bottom = 306.0
texture = ExtResource( 16 )
expand = true
stretch_mode = 5

[node name="Control" type="Control" parent="Mobile"]
anchor_top = 1.0
anchor_right = 1.0
anchor_bottom = 1.0
margin_top = -183.0

[node name="Control" type="Control" parent="Mobile/Control"]
anchor_left = 0.5
anchor_top = 0.5
anchor_right = 0.5
anchor_bottom = 0.5
margin_left = -450.0
margin_top = -49.0
margin_right = 450.0
margin_bottom = 49.0

[node name="Label" type="Label" parent="Mobile/Control/Control"]
anchor_left = 0.5
anchor_right = 0.5
margin_left = -383.5
margin_right = 383.5
margin_bottom = 40.0
custom_fonts/font = ExtResource( 17 )
custom_colors/font_color = Color( 1, 1, 1, 1 )
text = "SWIPE RIGHT/LEFT TO SHOW/HIDE THE SCOREBOARD"
align = 1
valign = 1

[node name="Label2" type="Label" parent="Mobile/Control/Control"]
anchor_left = 0.5
anchor_right = 0.5
margin_left = -383.5
margin_top = 60.0
margin_right = 383.5
margin_bottom = 100.0
custom_fonts/font = ExtResource( 17 )
custom_colors/font_color = Color( 1, 1, 1, 1 )
text = "SWIPE DOWN/UP TO SHOW/HIDE THE SETTINGS"
align = 1
valign = 1
[connection signal="pressed" from="BackButtonControls" to="BackButtonControls" method="_on_BackButtonControls_pressed"]
