[gd_scene load_steps=14 format=2]

[ext_resource path="res://materials/ground.tres" type="Material" id=1]
[ext_resource path="res://objects/Cube10x10.tscn" type="PackedScene" id=2]
[ext_resource path="res://environment/MainEnvironment.tres" type="Environment" id=3]
[ext_resource path="res://materials/explosion_mat.tres" type="Material" id=4]
[ext_resource path="res://materials/explosion_mat3.tres" type="Material" id=5]
[ext_resource path="res://scripts/communication.gd" type="Script" id=6]
[ext_resource path="res://objects/light_bike/local_light_bike.tscn" type="PackedScene" id=7]
[ext_resource path="res://scenes/Overlay.tscn" type="PackedScene" id=8]
[ext_resource path="res://scripts/ParticlesRemover.gd" type="Script" id=9]

[sub_resource type="PlaneShape" id=1]

[sub_resource type="PlaneMesh" id=2]

[sub_resource type="QuadMesh" id=3]
material = ExtResource( 5 )

[sub_resource type="PhysicsMaterial" id=4]
friction = 0.0

[node name="Main" type="Node"]

[node name="StaticBody" type="StaticBody" parent="."]
transform = Transform( 1, 0, 0, 0, 1, 0, 0, 0, 1, 0, 1.92698, 0 )
input_ray_pickable = false
collision_layer = 2

[node name="CollisionShape2" type="CollisionShape" parent="StaticBody"]
transform = Transform( 500, 0, 0, 0, 1, 0, 0, 0, 500, 0, 0, 0 )
shape = SubResource( 1 )

[node name="MeshInstance" type="MeshInstance" parent="StaticBody/CollisionShape2"]
transform = Transform( 1, 0, 0, 0, 1, 0, 0, 0, 1, 0, -15.8803, 0 )
mesh = SubResource( 2 )
material/0 = ExtResource( 1 )

[node name="Cube10x10" parent="." instance=ExtResource( 2 )]
transform = Transform( 0.968105, 0.250546, 0, -0.250546, 0.968105, 0, 0, 0, 1, -19.5294, -6.90312, 17.538 )

[node name="WorldEnvironment" type="WorldEnvironment" parent="."]
environment = ExtResource( 3 )

[node name="Explosion" type="Particles" parent="."]
transform = Transform( 1, 0, 0, 0, 1, 0, 0, 0, 1, -11.3756, 5.82335, -19.3102 )
visible = false
amount = 400
lifetime = 5.0
speed_scale = 3.0
explosiveness = 0.9
visibility_aabb = AABB( -2.00001, -2.00001, -2.00001, 4.00002, 4.00002, 4.00002 )
process_material = ExtResource( 4 )
draw_pass_1 = SubResource( 3 )

[node name="Comm" type="Node" parent="."]
script = ExtResource( 6 )

[node name="Bike" parent="." instance=ExtResource( 7 )]
transform = Transform( 1, 0, 0, 0, 1, 0, 0, 0, 1, 0, 14.1554, 0 )
collision_mask = 3
physics_material_override = SubResource( 4 )
color = Color( 0.171875, 0, 1, 1 )

[node name="Overlay" parent="." instance=ExtResource( 8 )]

[node name="Node" type="Node" parent="."]
script = ExtResource( 9 )
